@BOOK{gtd,
	title = "M{\' i}t vše hotovo - Jak zvládnout práci i život a cítit se při tom dobře",
	author = "David Allen",
	isbn = "978-80-903912-8-4",
	publisher = "Brno: Jan Melvil Publishing, s.r.o.",
	year = "2008"
}

@MISC{gtd_graph,
	title = "Stru{\v c}n{\' y} pr{\v u}vodce po metod{\v e} GTD",
	author = "Luk{\' a}{\v s} Gregor",
	howpublished = "[online]",
	year = 2008,
	note = "[cit. 2015-04-29]",
	url = "http://www.mitvsehotovo.cz/2008/08/strucny-pruvodce-po-metode-gtd/"	
}

@MISC{toodledo_overview,
	title = "toodledo: weird name, solid app",
	howpublished = "[online]",
	year = 2012,
	note = "[cit. 2015-04-29]",
	url = "http://purplezengoat.com/2012/04/06/toodledo-weird-name-solid-app/"	
}

@MISC{doit_overview,
	title = "Doit.im | GTD",
	howpublished = "[online]",
	year = 2013,
	note = "[cit. 2015-04-29]",
	url ="https://play.google.com/store/apps/details?id=im.doit.pro"	
}

@MISC{wunderlist_overview,
	title = "Wunderlist — UI peculiarities",
	author = "Gareth J M Saunders",
	howpublished = "[online]",
	year = 2013,
	note = "[cit. 2015-04-29]",
	url ="http://blog.garethjmsaunders.co.uk/tag/wunderlist/"	
}

@MISC{android_what_choose,
	title = "Should You Develop for Android, iOS or both?",
	author = "Matthew Hamlyn",
	howpublished = "[online]",
	year = 2014,
	note = "[cit. 2015-04-29]",
	url ="http://www.appmakr.com/blog/develop-android-ios/"	
}

@MISC{android_market,
	title = "Comparison of mobile operating systems",
	howpublished = "[online]",
	year = 2015,
	note = "[cit. 2015-04-29]",
	url ="http://en.wikipedia.org/wiki/Comparison_of_mobile_operating_systems"	
}

@MISC{android_market_us,
	title = "Who’s Winning, iOS or Android? All the Numbers, All in One Place",
	author = "Harry McCracken",
	howpublished = "[online]",
	year = 2013,
	note = "[cit. 2015-04-29]",
	url ="http://techland.time.com/2013/04/16/ios-vs-android/"	
}

@MISC{android_sdk,
	title = "<uses-sdk>",
	howpublished = "[online]",
	year = 2015,
	note = "[cit. 2015-04-29]",
	url ="http://developer.android.com/guide/topics/manifest/uses-sdk-element.html"	
}

@MISC{bootstrap,
	title = "Bootstrap your next Android Application",
	author = "Donn Felker",
	howpublished = "[online]",
	year = 2015,
	note = "[cit. 2015-04-29]",
	url ="http://www.androidbootstrap.com/"	
}

@MISC{android_sdk_graph,
	title = "Dashboards",
	howpublished = "[online]",
	year = 2015,
	note = "[cit. 2015-04-29]",
	url ="http://developer.android.com/about/dashboards/index.html"	
}

@MISC{android_sdk_recommendation,
	title = "Supporting Different Platform Versions",
	howpublished = "[online]",
	year = 2015,
	note = "[cit. 2015-04-29]",
	url ="http://developer.android.com/training/basics/supporting-devices/platforms.html"	
}

@MISC{wildfly,
	title = "What is WildFly?",
	howpublished = "[online]",
	year = 2015,
	note = "[cit. 2015-04-29]",
	url ="http://wildfly.org/about"	
}

@MISC{gtd_thin_client,
	title = "Thin client",
	howpublished = "[online]",
	year = 2015,
	note = "[cit. 2015-04-29]",
	url ="http://en.wikipedia.org/wiki/Thin_client"	
}













@BOOK{kobltypo,
	title = "Praktick{\' a} typografie",
	author = "Pavel Ko{\v c}i{\v c}ka and Filip Bla{\v z}ek",
	publisher = "Brno: Computer Press",
	year = "2004"
}

@BOOK{rybicka,
	title = "LaTeX pro za\v c\'ate\v cn\'\i{}ky",
	author = "Ji{\v r}{\' i} Rybi{\v c}ka",
	isbn = "80-7302-049-1",
	publisher = "Brno: Konvoj",
	edition = "3"
}

@MANUAL{iso690,
	organization = "\'U\v rad pro technickou normalizaci, metrologii a st\'atn\'\i{} zku\v sebnictv\'\i{}",
	title = "\v CSN ISO 690 Informace a dokumentace -- Pravidla pro bibliografick\'e odkazy a citace informa\v cn\'\i{}ch zdroj{\r u}",
	year = "2011"
}
